<?xml version = "1.0" encoding = "UTF-8"?><OAI-PMH xmlns="http://www.openarchives.org/OAI/2.0/" xmlns:xsi="http://www.w3.org/2001/XMLSchema-instance" xsi:schemaLocation="http://www.openarchives.org/OAI/2.0/ http://www.openarchives.org/OAI/2.0/OAI-PMH.xsd"><ListRecords><record><header><identifier>aleph-publish:008334579</identifier></header><metadata><record xmlns="http://www.ddb.de/professionell/mabxml/mabxml-1.xsd"><leader>00315vM2.01200024------u</leader><controlfield tag="LDR">00315vM2.01200024------u</controlfield><controlfield tag="FMT">MU</controlfield><datafield tag="001" ind1="-" ind2="1"><subfield code="a">HT006223611</subfield></datafield><datafield tag="001" ind1="-" ind2="2"><subfield code="a">HT001326312</subfield></datafield><datafield tag="002" ind1="a" ind2="1"><subfield code="a">20000121</subfield></datafield><datafield tag="002" ind1="a" ind2="2"><subfield code="a">19940421</subfield></datafield><datafield tag="003" ind1="-" ind2="2"><subfield code="a">20070904</subfield></datafield><datafield tag="010" ind1="-" ind2="1"><subfield code="a">HT001326312</subfield></datafield><datafield tag="026" ind1="-" ind2="2"><subfield code="a">HBZHT001326312</subfield></datafield><controlfield tag="030">a|1uc||||||||</controlfield><datafield tag="036" ind1="a" ind2="2"><subfield code="a">DE</subfield></datafield><datafield tag="037" ind1="b" ind2="2"><subfield code="a">ger</subfield></datafield><datafield tag="070" ind1="-" ind2="1"><subfield code="a">929</subfield></datafield><datafield tag="070" ind1="-" ind2="2"><subfield code="a">929</subfield></datafield><datafield tag="070" ind1="b" ind2="2"><subfield code="a">361</subfield></datafield><datafield tag="080" ind1="-" ind2="1"><subfield code="a">60</subfield></datafield><datafield tag="080" ind1="-" ind2="2"><subfield code="a">60</subfield></datafield><controlfield tag="089">3</controlfield><datafield tag="090" ind1="-" ind2="1"><subfield code="a">3</subfield></datafield><datafield tag="100" ind1="-" ind2="2"><subfield code="p">Hemingway, Ernest</subfield><subfield code="d">1899-1961</subfield><subfield code="9">(DE-588)118549030</subfield></datafield><datafield tag="101" ind1="-" ind2="2"><subfield code="p">Hemingway, Ernest Miller</subfield><subfield code="d">1899-1961</subfield></datafield><datafield tag="101" ind1="-" ind2="2"><subfield code="p">Hemingway, Ernest M.</subfield><subfield code="d">1899-1961</subfield></datafield><datafield tag="101" ind1="-" ind2="2"><subfield code="p">Hemingway, E.</subfield><subfield code="d">1899-1961</subfield></datafield><datafield tag="101" ind1="-" ind2="2"><subfield code="p">Hemingway</subfield><subfield code="d">1899-1961</subfield></datafield><datafield tag="101" ind1="-" ind2="2"><subfield code="p">Kheminguėĭ, Ėrnest</subfield><subfield code="d">1899-1961</subfield></datafield><datafield tag="101" ind1="-" ind2="2"><subfield code="p">Hai-ming-wei</subfield><subfield code="d">1899-1961</subfield></datafield><datafield tag="101" ind1="-" ind2="2"><subfield code="p">Hemingwei</subfield><subfield code="d">1899-1961</subfield></datafield><datafield tag="101" ind1="-" ind2="2"><subfield code="p">Hīminjwāy, Arnist</subfield><subfield code="d">1899-1961</subfield></datafield><datafield tag="101" ind1="-" ind2="2"><subfield code="p">Heminguei, E.</subfield><subfield code="d">1899-1961</subfield></datafield><datafield tag="101" ind1="-" ind2="2"><subfield code="p">Heminguei, Ernest</subfield><subfield code="d">1899-1961</subfield></datafield><datafield tag="101" ind1="-" ind2="2"><subfield code="p">Heminguej, E.</subfield><subfield code="d">1899-1961</subfield></datafield><datafield tag="101" ind1="-" ind2="2"><subfield code="p">Hemingṿey, Erneṣţ</subfield><subfield code="d">1899-1961</subfield></datafield><datafield tag="101" ind1="-" ind2="2"><subfield code="p">Haminghwāy, Arnist</subfield><subfield code="d">1899-1961</subfield></datafield><datafield tag="101" ind1="-" ind2="2"><subfield code="p">Hayminghwāy, Arnist</subfield><subfield code="d">1899-1961</subfield></datafield><datafield tag="101" ind1="-" ind2="2"><subfield code="p">Himinghwāy, Arnist</subfield><subfield code="d">1899-1961</subfield></datafield><datafield tag="101" ind1="-" ind2="2"><subfield code="p">Himinghwāy</subfield><subfield code="d">1899-1961</subfield></datafield><datafield tag="101" ind1="-" ind2="2"><subfield code="p">Hemingvejs, Ernests</subfield><subfield code="d">1899-1961</subfield></datafield><datafield tag="101" ind1="-" ind2="2"><subfield code="p">Hemingṿe, Erneṣţ</subfield><subfield code="d">1899-1961</subfield></datafield><datafield tag="101" ind1="-" ind2="2"><subfield code="p">Chemingouaiē, Ernest</subfield><subfield code="d">1899-1961</subfield></datafield><datafield tag="101" ind1="-" ind2="2"><subfield code="p">Cheminhuej, Ernest</subfield><subfield code="d">1899-1961</subfield></datafield><datafield tag="101" ind1="-" ind2="2"><subfield code="p">Haiminġve</subfield><subfield code="d">1899-1961</subfield></datafield><datafield tag="101" ind1="-" ind2="2"><subfield code="p">Haminġwāy, Irnist</subfield><subfield code="d">1899-1961</subfield></datafield><datafield tag="101" ind1="-" ind2="2"><subfield code="p">Haminġwāy, Arnist</subfield><subfield code="d">1899-1961</subfield></datafield><datafield tag="101" ind1="-" ind2="2"><subfield code="p">Hemingvej, Ernest</subfield><subfield code="d">1899-1961</subfield></datafield><datafield tag="101" ind1="-" ind2="2"><subfield code="p">Cheminguėj, Ėrnest</subfield><subfield code="d">1899-1961</subfield></datafield><datafield tag="101" ind1="-" ind2="2"><subfield code="p">Heminguwei, Ānesuto</subfield><subfield code="d">1899-1961</subfield></datafield><datafield tag="101" ind1="-" ind2="2"><subfield code="p">Chėminguėj, Ėrnest</subfield><subfield code="d">1899-1961</subfield></datafield><datafield tag="101" ind1="-" ind2="2"><subfield code="p">Hemingṿei, Ernesṭ</subfield><subfield code="d">1899-1961</subfield></datafield><datafield tag="101" ind1="-" ind2="2"><subfield code="U">Hant</subfield><subfield code="p">海明威</subfield><subfield code="d">1899-1961</subfield></datafield><datafield tag="101" ind1="-" ind2="2"><subfield code="U">Arab</subfield><subfield code="p">ھېمىڭۋاي</subfield><subfield code="d">1899-1961</subfield></datafield><datafield tag="101" ind1="-" ind2="2"><subfield code="U">Jpan</subfield><subfield code="p">ヘミングウェイ, アーネスト</subfield><subfield code="d">1899-1961</subfield></datafield><datafield tag="101" ind1="-" ind2="2"><subfield code="U">Hebr</subfield><subfield code="p">המינגווי, ארנסט</subfield><subfield code="d">1899-1961</subfield></datafield><datafield tag="300" ind1="-" ind2="2"><subfield code="a">Sammlung &lt;dt.&gt;</subfield></datafield><datafield tag="331" ind1="-" ind2="1"><subfield code="a">Wem die Stunde schlägt</subfield></datafield><datafield tag="331" ind1="-" ind2="2"><subfield code="a">Gesammelte Werke</subfield></datafield><datafield tag="335" ind1="-" ind2="2"><subfield code="a">in zehn Bänden</subfield></datafield><datafield tag="359" ind1="-" ind2="2"><subfield code="a">Ernest Hemingway</subfield></datafield><datafield tag="403" ind1="-" ind2="1"><subfield code="a">57. - 61. Tsd.</subfield></datafield><datafield tag="410" ind1="-" ind2="2"><subfield code="a">Reinbek bei Hamburg</subfield></datafield><datafield tag="412" ind1="-" ind2="2"><subfield code="a">Rowohlt</subfield></datafield><datafield tag="425" ind1="b" ind2="2"><subfield code="a">1982</subfield></datafield><datafield tag="425" ind1="a" ind2="1"><subfield code="a">1987</subfield></datafield><datafield tag="433" ind1="-" ind2="1"><subfield code="a">454 S.</subfield></datafield><datafield tag="540" ind1="a" ind2="2"><subfield code="a">3-499-31011-2</subfield><subfield code="b">(gültig für d. 39. - 56. Tsd.) kart. in Kassette</subfield></datafield><datafield tag="540" ind1="a" ind2="2"><subfield code="a">3-499-31012-0</subfield><subfield code="b">(gültig für d. 57. - 61. Tsd.) kart. in Kassette</subfield></datafield><datafield tag="700" ind1="l" ind2="1"><subfield code="a">230</subfield></datafield><datafield tag="700" ind1="l" ind2="2"><subfield code="a">230</subfield></datafield><datafield tag="700" ind1="g" ind2="2"><subfield code="a">HU 3860</subfield></datafield><datafield tag="902" ind1="-" ind2="1"><subfield code="s">Spanischer Bürgerkrieg</subfield><subfield code="h">1936-1939</subfield><subfield code="9">(DE-588)4055970-1</subfield></datafield><datafield tag="902" ind1="-" ind2="1"><subfield code="f">Belletristische Darstellung</subfield></datafield><controlfield tag="SYS">008334579</controlfield><datafield tag="LOW" ind1="-" ind2="1"><subfield code="a">R0001</subfield></datafield><datafield tag="952" ind1="-" ind2="1"><subfield code="s">Bürgerkrieg in Spanien</subfield><subfield code="h">1936-1939</subfield></datafield><datafield tag="952" ind1="-" ind2="1"><subfield code="s">Spanischer Krieg</subfield><subfield code="h">1936-1939</subfield></datafield><datafield tag="088" ind1=" " ind2=" "><subfield code="a">929</subfield><subfield code="b">00000000</subfield><subfield code="c">94/3862:3</subfield><subfield code="e">ILL Ausleihe</subfield></datafield></record></metadata></record></ListRecords></OAI-PMH>